@article{Sh:1,
author = {T. Leighton},
publisher = {Commun. ACM 52(2):4451},
title = {{Improving Performance on the Internet}},
year = {2009},
},

@article{Sh:2,
author = {C. Labovitz},
publisher = {ACM SIGCOMM},
title = {{Internet Inter-Domain Traffic}},
year = {2010},
},