@Misc{loremipsum,
	title = "{Lorem ipsum}",
	note = "\url{http://www.loremipsum.de/}",
	key = "loremipsum"
}

@Misc{Sh:1,
author = {Shelah, Saharon},
ams-subject = {(02.50)},
journal = {Israel Journal of Mathematics},
review = {MR 40-7102},
pages = {187--202},
title = {{Stable theories}},
volume = {7},
year = {1969},
},
\bibitem{Leighton}
T. Leighton
\textit{Improving Performance on the Internet}.
Commun. ACM, 52(2):4451, 2009.
\bibitem{Labovitz}
C. Labovitz, S. Lekel-Johnson, D. McPherson, J. Oberheide, and F. Jaha-
nian. 
\textit{Internet Inter-Domain Traffic}.
In Proc. ACM SIGCOMM, 2010.
\bibitem{Poese}
I. Poese, B. Frank, B. Ager, G. Smaragdakis, and A. Feldmann.
\textit{Improving Content Delivery using Provider-Aided Distance. Information}. 
In ACM IMC, 2010.
\bibitem{Maier}
G. Maier, A. Feldmann, V. Paxson, and M. Allman.
\textit{On Dominant Characteristics of Residential Broadband Internet Traffic}.
In Proc. ACM IMC,2009.
\bibitem{Nygren}
Nygren, R. K. Sitaraman, and J. Sun. 
\textit{The Akamai Network:A Platform for High-performance Internet Applications}.
Syst. Rev., 44:219, August 2010.
\bibitem{Krishnan}
R. Krishnan, H. Madhyastha, S. Srinivasan, S. Jain,A. Krishnamurthy, T.
Anderson, and J. Gao. 
\textit{Moving Beyond End-to-end Path Information to Optimize CDN Performance}.
\bibitem{Krishnan1}
\textit{https://atos.net/content/dam/global/ascent-whitepapers/ascent-
whitepaper-internet-evolution.pdf.}
\bibitem{Schonfeld}
Schonfeld, E. Eric Schmidts 
\textit{Gang Of Four:Google, Apple,Amazon,And Facebook}.
TechCrunch.Retrieved from http://techcrunch.com/2011/05/31/schmidt-gang-four-google-
appleamazon-facebook/
\bibitem{Bernhard}
Bernhard Ager,Wolfgang Mhlbauer,Georgios Smaragdakis,Steve Uhlig
\textit{Web Content Cartography.}
\bibitem{Ager}
Bernhard Ager 
\textit{Impact of Location on Content Delivery}.
\bibitem{Yuval}
Yuval Shavitt, Udi Weinsberg.
\textit{Topological Trends of Internet Content Providers}.
SIMPLEX 12: Proceedings of the Fourth Annual Workshop on
Simplifying Complex Networks for Practitioners (2012): 13-18.
\bibitem{Xenofontas}
Xenofontas Dimitropoulos, Dmitri Krioukov, Marina Fomenkov, Bradley
Huffaker, Young Hyun, kc claffy, George Riley 
\textit{AS Relationships: Inference and Validation}.
SIGCOMM Computer Communications Review 37, no. 1(2007): 31-40.
\bibitem{Manuel}
Manuel Palacin, Miquel Oliver, Jorge Infante, Simon Oechsner and Alex
Bikfalvi 
\textit{The Impact of Content Delivery Networks on the Internet Ecosystem}.
Journal of Information Policy, Vol. 3 (2013), pp. 304-330
\bibitem{atos}
\textit{Internet evolution}
Atos.Retrieved from https://ascent.atos.net/ascent-white-papers/

\bibitem{Mike}
Mike Axelrod
\textit{The Value of Content Distribution Networks and Google Global Cache}.
\bibitem{Mike1}
\textit{http://www.hpl.hp.com/research/idl/papers/ranking/adamicglottometrics.pdf.}
\bibitem{Mike2}
\textit{http://doc.scrapy.org}.
\bibitem{Mike3}
\textit{Technology: How and Why We Crawl the Web}. 
Alexa. Archived from the original on April 2, 2014. Retrieved November 6, 2011.
\bibitem{Mike4}
\textit{Domain Name System}.
https://www.ietf.org/rfc/rfc1034.txt
\bibitem{RISTOL}
K RISTOL , D., AND M ONTULLI , L. 
\textit{HTTP State Management Mechanism}.
RFC 2109.
\bibitem{RISTOL1}
K RISTOL , D., AND M ONTULLI , L.
\textit{HTTP State Management Mechanism}.
RFC 2965.
\bibitem{Lada}
Lada A. Adamic ,Bernardo A. 
\textit{Huberman Zipfs law and the Internet} . 
Glottometrics 3, 2002,p 143-150
\bibitem{Lada1}
\textit{RIPE Routing Information Service}.
http://www.ripe.net/ris/.
